%
% book.bib
%
% book - A published book
%   Required: author/editor, title, publisher, year.
%   Optional: volume/number, series, edition.

% Reference
% http://en.wikibooks.org/wiki/LaTeX/Bibliography_Management

% -----------------------------------------------------------------------------
@inproceedings{warren-2006-features,
  title={Features of Naturalness in Conversation},
  author={Martin John Warren},
  year={2006},
  url={https://api.semanticscholar.org/CorpusID:60417472}
}
% -----------------------------------------------------------------------------

% -----------------------------------------------------------------------------

% -----------------------------------------------------------------------------

% -----------------------------------------------------------------------------

% -----------------------------------------------------------------------------

% -----------------------------------------------------------------------------

% -----------------------------------------------------------------------------

% -----------------------------------------------------------------------------

