%
% msic.bib
% (miscellaneous, everything)
%
% misc - Template useful for other kinds of publication
%   Required fields: none
%   Optional fields: author, title, howpublished, month, year, note.
%
% Reference
% http://en.wikibooks.org/wiki/LaTeX/Bibliography_Management

% -----------------------------------------------------------------------------

% -----------------------------------------------------------------------------
%  E.g (Website)
@misc{website:google,
  author = {Google},
  title = {{Google - Homepage}},
  howpublished = "http://www.google.com/",
  year = {},
  note = ""
}
% -----------------------------------------------------------------------------
@article{llama3modelcard,
  title={Llama 3 Model Card},
  author={AI@Meta},
  year={2024},
  url = {https://github.com/meta-llama/llama3/blob/main/MODEL_CARD.md}
}
% -----------------------------------------------------------------------------

% -----------------------------------------------------------------------------

% -----------------------------------------------------------------------------
